<?xml version="1.0" encoding="UTF-8"?><collection xmlns="http://www.loc.gov/MARC21/slim"><record><leader>00447nam--2200133-i-4500</leader><controlfield tag="001">000010649</controlfield><controlfield tag="002">20161230</controlfield><controlfield tag="005">20161230201028</controlfield><controlfield tag="008">060222s1000------------r-----000-0-eng-d</controlfield><datafield ind1=" " ind2=" " tag="080"><subfield code="a">539.141</subfield></datafield><datafield ind1=" " ind2=" " tag="100"><subfield code="a">Badalyan,A.M. And Simonov,Yu.A</subfield></datafield><datafield ind1=" " ind2=" " tag="245"><subfield code="a">The variational method for the 3-body resonanc e. i. the asymptotics of the resonance wave funct ion</subfield></datafield><datafield ind1=" " ind2=" " tag="260"><subfield code="a">Moscow, Institute For Theoretical And Experime Ntal Physics, 1972. 28 P</subfield></datafield><datafield ind1=" " ind2=" " tag="852"><subfield code="a">38602</subfield></datafield></record></collection>